%YAML 1.1
%TAG !u! tag:unity3d.com,2011:
--- !u!1 &8815245006163426212
GameObject:
  m_ObjectHideFlags: 0
  m_CorrespondingSourceObject: {fileID: 0}
  m_PrefabInstance: {fileID: 0}
  m_PrefabAsset: {fileID: 0}
  serializedVersion: 6
  m_Component:
  - component: {fileID: 8815245006163426213}
  - component: {fileID: 8815245006163426215}
  - component: {fileID: 8815245006163426214}
  m_Layer: 0
  m_Name: Chase Camera
  m_TagString: MainCamera
  m_Icon: {fileID: 0}
  m_NavMeshLayer: 0
  m_StaticEditorFlags: 0
  m_IsActive: 1
--- !u!4 &8815245006163426213
Transform:
  m_ObjectHideFlags: 0
  m_CorrespondingSourceObject: {fileID: 0}
  m_PrefabInstance: {fileID: 0}
  m_PrefabAsset: {fileID: 0}
  m_GameObject: {fileID: 8815245006163426212}
  m_LocalRotation: {x: -0, y: 0.97700095, z: -0.21323502, w: 0}
  m_LocalPosition: {x: -21.57, y: 39.44, z: 54.31}
  m_LocalScale: {x: 1, y: 1, z: 1}
  m_Children: []
  m_Father: {fileID: 8815245006802497344}
  m_RootOrder: 0
  m_LocalEulerAnglesHint: {x: 24.624, y: 180, z: 0}
--- !u!20 &8815245006163426215
Camera:
  m_ObjectHideFlags: 0
  m_CorrespondingSourceObject: {fileID: 0}
  m_PrefabInstance: {fileID: 0}
  m_PrefabAsset: {fileID: 0}
  m_GameObject: {fileID: 8815245006163426212}
  m_Enabled: 1
  serializedVersion: 2
  m_ClearFlags: 1
  m_BackGroundColor: {r: 0.19215687, g: 0.3019608, b: 0.4745098, a: 0}
  m_projectionMatrixMode: 1
  m_GateFitMode: 2
  m_FOVAxisMode: 0
  m_SensorSize: {x: 36, y: 24}
  m_LensShift: {x: 0, y: 0}
  m_FocalLength: 50
  m_NormalizedViewPortRect:
    serializedVersion: 2
    x: 0
    y: 0
    width: 1
    height: 1
  near clip plane: 0.3
  far clip plane: 1000
  field of view: 60
  orthographic: 0
  orthographic size: 5
  m_Depth: -1
  m_CullingMask:
    serializedVersion: 2
    m_Bits: 4294967295
  m_RenderingPath: -1
  m_TargetTexture: {fileID: 0}
  m_TargetDisplay: 0
  m_TargetEye: 3
  m_HDR: 1
  m_AllowMSAA: 1
  m_AllowDynamicResolution: 0
  m_ForceIntoRT: 0
  m_OcclusionCulling: 1
  m_StereoConvergence: 10
  m_StereoSeparation: 0.022
--- !u!114 &8815245006163426214
MonoBehaviour:
  m_ObjectHideFlags: 0
  m_CorrespondingSourceObject: {fileID: 0}
  m_PrefabInstance: {fileID: 0}
  m_PrefabAsset: {fileID: 0}
  m_GameObject: {fileID: 8815245006163426212}
  m_Enabled: 1
  m_EditorHideFlags: 0
  m_Script: {fileID: 11500000, guid: 4f52cd80dee8a9842b43cce3f15188a5, type: 3}
  m_Name: 
  m_EditorClassIdentifier: 
  Focus: {fileID: 2084054216284680247}
  Distance: 10
  Responsiveness: 1
  StartingRotation: {x: 30, y: 0}
  RotationSpeed: 90
  MinVerticalAngle: -30
  MaxVerticalAngle: 60
  AlignSmoothRange: 30
  UseAutoRotate: 0
  CameraLocked: 0
--- !u!1 &8815245006217597989
GameObject:
  m_ObjectHideFlags: 0
  m_CorrespondingSourceObject: {fileID: 0}
  m_PrefabInstance: {fileID: 0}
  m_PrefabAsset: {fileID: 0}
  serializedVersion: 6
  m_Component:
  - component: {fileID: 8815245006217597990}
  - component: {fileID: 8815245006217597991}
  m_Layer: 0
  m_Name: Point Light
  m_TagString: Untagged
  m_Icon: {fileID: 0}
  m_NavMeshLayer: 0
  m_StaticEditorFlags: 0
  m_IsActive: 0
--- !u!4 &8815245006217597990
Transform:
  m_ObjectHideFlags: 0
  m_CorrespondingSourceObject: {fileID: 0}
  m_PrefabInstance: {fileID: 0}
  m_PrefabAsset: {fileID: 0}
  m_GameObject: {fileID: 8815245006217597989}
  m_LocalRotation: {x: 0.01745245, y: 0, z: 0, w: 0.99984777}
  m_LocalPosition: {x: -21.61, y: 37.47, z: 53.04}
  m_LocalScale: {x: 5, y: 5, z: 5}
  m_Children: []
  m_Father: {fileID: 8815245006802497344}
  m_RootOrder: 1
  m_LocalEulerAnglesHint: {x: 2, y: 0, z: 0}
--- !u!108 &8815245006217597991
Light:
  m_ObjectHideFlags: 0
  m_CorrespondingSourceObject: {fileID: 0}
  m_PrefabInstance: {fileID: 0}
  m_PrefabAsset: {fileID: 0}
  m_GameObject: {fileID: 8815245006217597989}
  m_Enabled: 1
  serializedVersion: 10
  m_Type: 2
  m_Shape: 0
  m_Color: {r: 0.5882353, g: 0.5882353, b: 0.5882353, a: 1}
  m_Intensity: 1
  m_Range: 30
  m_SpotAngle: 30
  m_InnerSpotAngle: 21.80208
  m_CookieSize: 10
  m_Shadows:
    m_Type: 0
    m_Resolution: -1
    m_CustomResolution: -1
    m_Strength: 1
    m_Bias: 0.05
    m_NormalBias: 0.4
    m_NearPlane: 0.2
    m_CullingMatrixOverride:
      e00: 1
      e01: 0
      e02: 0
      e03: 0
      e10: 0
      e11: 1
      e12: 0
      e13: 0
      e20: 0
      e21: 0
      e22: 1
      e23: 0
      e30: 0
      e31: 0
      e32: 0
      e33: 1
    m_UseCullingMatrixOverride: 0
  m_Cookie: {fileID: 0}
  m_DrawHalo: 0
  m_Flare: {fileID: 0}
  m_RenderMode: 0
  m_CullingMask:
    serializedVersion: 2
    m_Bits: 4294967295
  m_RenderingLayerMask: 1
  m_Lightmapping: 4
  m_LightShadowCasterMode: 0
  m_AreaSize: {x: 1, y: 1}
  m_BounceIntensity: 1
  m_ColorTemperature: 6570
  m_UseColorTemperature: 0
  m_BoundingSphereOverride: {x: 0, y: 0, z: 0, w: 0}
  m_UseBoundingSphereOverride: 0
  m_ShadowRadius: 0
  m_ShadowAngle: 0
--- !u!1 &8815245006802497471
GameObject:
  m_ObjectHideFlags: 0
  m_CorrespondingSourceObject: {fileID: 0}
  m_PrefabInstance: {fileID: 0}
  m_PrefabAsset: {fileID: 0}
  serializedVersion: 6
  m_Component:
  - component: {fileID: 8815245006802497344}
  m_Layer: 0
  m_Name: BananaPlayerAndCamera
  m_TagString: Untagged
  m_Icon: {fileID: 0}
  m_NavMeshLayer: 0
  m_StaticEditorFlags: 0
  m_IsActive: 0
--- !u!4 &8815245006802497344
Transform:
  m_ObjectHideFlags: 0
  m_CorrespondingSourceObject: {fileID: 0}
  m_PrefabInstance: {fileID: 0}
  m_PrefabAsset: {fileID: 0}
  m_GameObject: {fileID: 8815245006802497471}
  m_LocalRotation: {x: 0, y: 1, z: 0, w: 0}
  m_LocalPosition: {x: 14.04, y: -13, z: -16.74}
  m_LocalScale: {x: 1, y: 1, z: 1}
  m_Children:
  - {fileID: 8815245006163426213}
  - {fileID: 8815245006217597990}
  - {fileID: 2084054216284680247}
  m_Father: {fileID: 0}
  m_RootOrder: 0
  m_LocalEulerAnglesHint: {x: 0, y: 180, z: 0}
--- !u!1001 &8815245005423776575
PrefabInstance:
  m_ObjectHideFlags: 0
  serializedVersion: 2
  m_Modification:
    m_TransformParent: {fileID: 8815245006802497344}
    m_Modifications:
    - target: {fileID: 5828044108082008347, guid: 4706e0573fb6c9047a0fe00f8a7be0af,
        type: 3}
      propertyPath: m_Name
      value: BannanaController
      objectReference: {fileID: 0}
    - target: {fileID: 7402236513894769416, guid: 4706e0573fb6c9047a0fe00f8a7be0af,
        type: 3}
      propertyPath: m_LocalPosition.x
      value: -23.9
      objectReference: {fileID: 0}
    - target: {fileID: 7402236513894769416, guid: 4706e0573fb6c9047a0fe00f8a7be0af,
        type: 3}
      propertyPath: m_LocalPosition.y
      value: 40
      objectReference: {fileID: 0}
    - target: {fileID: 7402236513894769416, guid: 4706e0573fb6c9047a0fe00f8a7be0af,
        type: 3}
      propertyPath: m_LocalPosition.z
      value: 48.5
      objectReference: {fileID: 0}
    - target: {fileID: 7402236513894769416, guid: 4706e0573fb6c9047a0fe00f8a7be0af,
        type: 3}
      propertyPath: m_LocalRotation.x
      value: 0
      objectReference: {fileID: 0}
    - target: {fileID: 7402236513894769416, guid: 4706e0573fb6c9047a0fe00f8a7be0af,
        type: 3}
      propertyPath: m_LocalRotation.y
      value: 0
      objectReference: {fileID: 0}
    - target: {fileID: 7402236513894769416, guid: 4706e0573fb6c9047a0fe00f8a7be0af,
        type: 3}
      propertyPath: m_LocalRotation.z
      value: 0
      objectReference: {fileID: 0}
    - target: {fileID: 7402236513894769416, guid: 4706e0573fb6c9047a0fe00f8a7be0af,
        type: 3}
      propertyPath: m_LocalRotation.w
      value: 1
      objectReference: {fileID: 0}
    - target: {fileID: 7402236513894769416, guid: 4706e0573fb6c9047a0fe00f8a7be0af,
        type: 3}
      propertyPath: m_RootOrder
      value: 2
      objectReference: {fileID: 0}
    - target: {fileID: 7402236513894769416, guid: 4706e0573fb6c9047a0fe00f8a7be0af,
        type: 3}
      propertyPath: m_LocalEulerAnglesHint.x
      value: 0
      objectReference: {fileID: 0}
    - target: {fileID: 7402236513894769416, guid: 4706e0573fb6c9047a0fe00f8a7be0af,
        type: 3}
      propertyPath: m_LocalEulerAnglesHint.y
      value: 0
      objectReference: {fileID: 0}
    - target: {fileID: 7402236513894769416, guid: 4706e0573fb6c9047a0fe00f8a7be0af,
        type: 3}
      propertyPath: m_LocalEulerAnglesHint.z
      value: 0
      objectReference: {fileID: 0}
    m_RemovedComponents: []
  m_SourcePrefab: {fileID: 100100000, guid: 4706e0573fb6c9047a0fe00f8a7be0af, type: 3}
--- !u!4 &2084054216284680247 stripped
Transform:
  m_CorrespondingSourceObject: {fileID: 7402236513894769416, guid: 4706e0573fb6c9047a0fe00f8a7be0af,
    type: 3}
  m_PrefabInstance: {fileID: 8815245005423776575}
  m_PrefabAsset: {fileID: 0}
