%YAML 1.1
%TAG !u! tag:unity3d.com,2011:
--- !u!1 &4838567092996868759
GameObject:
  m_ObjectHideFlags: 0
  m_CorrespondingSourceObject: {fileID: 0}
  m_PrefabInstance: {fileID: 0}
  m_PrefabAsset: {fileID: 0}
  serializedVersion: 6
  m_Component:
  - component: {fileID: 4838567092996868744}
  m_Layer: 0
  m_Name: Counters
  m_TagString: Untagged
  m_Icon: {fileID: 0}
  m_NavMeshLayer: 0
  m_StaticEditorFlags: 0
  m_IsActive: 1
--- !u!4 &4838567092996868744
Transform:
  m_ObjectHideFlags: 0
  m_CorrespondingSourceObject: {fileID: 0}
  m_PrefabInstance: {fileID: 0}
  m_PrefabAsset: {fileID: 0}
  m_GameObject: {fileID: 4838567092996868759}
  m_LocalRotation: {x: 0.23345116, y: 0.747979, z: -0.51061606, w: 0.35397637}
  m_LocalPosition: {x: -198.3, y: 155.1, z: -52.3}
  m_LocalScale: {x: 1, y: 1, z: 1}
  m_Children:
  - {fileID: 5691096241074730512}
  - {fileID: 7463799458900207881}
  - {fileID: 4986374511288495588}
  - {fileID: 7599099168932239374}
  - {fileID: 1179946430711595381}
  - {fileID: 5742331077177826614}
  - {fileID: 2944298758072623823}
  - {fileID: 8001914578007628718}
  - {fileID: 8001914578102907809}
  m_Father: {fileID: 0}
  m_RootOrder: 0
  m_LocalEulerAnglesHint: {x: 68.3, y: 128.06001, z: -1.9000001}
--- !u!1001 &819762684
PrefabInstance:
  m_ObjectHideFlags: 0
  serializedVersion: 2
  m_Modification:
    m_TransformParent: {fileID: 4838567092996868744}
    m_Modifications:
    - target: {fileID: 4836838140118339720, guid: 4caa5439eddaf7948ac410454a178efb,
        type: 3}
      propertyPath: m_Name
      value: Counter (6)
      objectReference: {fileID: 0}
    - target: {fileID: 5058243623769262801, guid: 4caa5439eddaf7948ac410454a178efb,
        type: 3}
      propertyPath: m_Materials.Array.data[0]
      value: 
      objectReference: {fileID: 2100000, guid: e38c5524567ee0e40accf3c756e887a3, type: 2}
    - target: {fileID: 8001914577752591954, guid: 4caa5439eddaf7948ac410454a178efb,
        type: 3}
      propertyPath: m_LocalPosition.x
      value: -7.18
      objectReference: {fileID: 0}
    - target: {fileID: 8001914577752591954, guid: 4caa5439eddaf7948ac410454a178efb,
        type: 3}
      propertyPath: m_LocalPosition.y
      value: 9.6
      objectReference: {fileID: 0}
    - target: {fileID: 8001914577752591954, guid: 4caa5439eddaf7948ac410454a178efb,
        type: 3}
      propertyPath: m_LocalPosition.z
      value: 62.01
      objectReference: {fileID: 0}
    - target: {fileID: 8001914577752591954, guid: 4caa5439eddaf7948ac410454a178efb,
        type: 3}
      propertyPath: m_LocalRotation.x
      value: 0
      objectReference: {fileID: 0}
    - target: {fileID: 8001914577752591954, guid: 4caa5439eddaf7948ac410454a178efb,
        type: 3}
      propertyPath: m_LocalRotation.y
      value: 0
      objectReference: {fileID: 0}
    - target: {fileID: 8001914577752591954, guid: 4caa5439eddaf7948ac410454a178efb,
        type: 3}
      propertyPath: m_LocalRotation.z
      value: 0
      objectReference: {fileID: 0}
    - target: {fileID: 8001914577752591954, guid: 4caa5439eddaf7948ac410454a178efb,
        type: 3}
      propertyPath: m_LocalRotation.w
      value: 1
      objectReference: {fileID: 0}
    - target: {fileID: 8001914577752591954, guid: 4caa5439eddaf7948ac410454a178efb,
        type: 3}
      propertyPath: m_RootOrder
      value: 7
      objectReference: {fileID: 0}
    - target: {fileID: 8001914577752591954, guid: 4caa5439eddaf7948ac410454a178efb,
        type: 3}
      propertyPath: m_LocalEulerAnglesHint.x
      value: 0
      objectReference: {fileID: 0}
    - target: {fileID: 8001914577752591954, guid: 4caa5439eddaf7948ac410454a178efb,
        type: 3}
      propertyPath: m_LocalEulerAnglesHint.y
      value: 0
      objectReference: {fileID: 0}
    - target: {fileID: 8001914577752591954, guid: 4caa5439eddaf7948ac410454a178efb,
        type: 3}
      propertyPath: m_LocalEulerAnglesHint.z
      value: 0
      objectReference: {fileID: 0}
    - target: {fileID: 8001914577752591954, guid: 4caa5439eddaf7948ac410454a178efb,
        type: 3}
      propertyPath: m_LocalScale.x
      value: 1.75
      objectReference: {fileID: 0}
    m_RemovedComponents: []
  m_SourcePrefab: {fileID: 100100000, guid: 4caa5439eddaf7948ac410454a178efb, type: 3}
--- !u!4 &8001914578007628718 stripped
Transform:
  m_CorrespondingSourceObject: {fileID: 8001914577752591954, guid: 4caa5439eddaf7948ac410454a178efb,
    type: 3}
  m_PrefabInstance: {fileID: 819762684}
  m_PrefabAsset: {fileID: 0}
--- !u!1001 &924941811
PrefabInstance:
  m_ObjectHideFlags: 0
  serializedVersion: 2
  m_Modification:
    m_TransformParent: {fileID: 4838567092996868744}
    m_Modifications:
    - target: {fileID: 4836838140118339720, guid: 4caa5439eddaf7948ac410454a178efb,
        type: 3}
      propertyPath: m_Name
      value: Counter (7)
      objectReference: {fileID: 0}
    - target: {fileID: 5058243623769262801, guid: 4caa5439eddaf7948ac410454a178efb,
        type: 3}
      propertyPath: m_Materials.Array.data[0]
      value: 
      objectReference: {fileID: 2100000, guid: e38c5524567ee0e40accf3c756e887a3, type: 2}
    - target: {fileID: 8001914577752591954, guid: 4caa5439eddaf7948ac410454a178efb,
        type: 3}
      propertyPath: m_LocalPosition.x
      value: 56.24
      objectReference: {fileID: 0}
    - target: {fileID: 8001914577752591954, guid: 4caa5439eddaf7948ac410454a178efb,
        type: 3}
      propertyPath: m_LocalPosition.y
      value: 9.61
      objectReference: {fileID: 0}
    - target: {fileID: 8001914577752591954, guid: 4caa5439eddaf7948ac410454a178efb,
        type: 3}
      propertyPath: m_LocalPosition.z
      value: 62.01
      objectReference: {fileID: 0}
    - target: {fileID: 8001914577752591954, guid: 4caa5439eddaf7948ac410454a178efb,
        type: 3}
      propertyPath: m_LocalRotation.x
      value: 0
      objectReference: {fileID: 0}
    - target: {fileID: 8001914577752591954, guid: 4caa5439eddaf7948ac410454a178efb,
        type: 3}
      propertyPath: m_LocalRotation.y
      value: 0
      objectReference: {fileID: 0}
    - target: {fileID: 8001914577752591954, guid: 4caa5439eddaf7948ac410454a178efb,
        type: 3}
      propertyPath: m_LocalRotation.z
      value: 0
      objectReference: {fileID: 0}
    - target: {fileID: 8001914577752591954, guid: 4caa5439eddaf7948ac410454a178efb,
        type: 3}
      propertyPath: m_LocalRotation.w
      value: 1
      objectReference: {fileID: 0}
    - target: {fileID: 8001914577752591954, guid: 4caa5439eddaf7948ac410454a178efb,
        type: 3}
      propertyPath: m_RootOrder
      value: 8
      objectReference: {fileID: 0}
    - target: {fileID: 8001914577752591954, guid: 4caa5439eddaf7948ac410454a178efb,
        type: 3}
      propertyPath: m_LocalEulerAnglesHint.x
      value: 0
      objectReference: {fileID: 0}
    - target: {fileID: 8001914577752591954, guid: 4caa5439eddaf7948ac410454a178efb,
        type: 3}
      propertyPath: m_LocalEulerAnglesHint.y
      value: 0
      objectReference: {fileID: 0}
    - target: {fileID: 8001914577752591954, guid: 4caa5439eddaf7948ac410454a178efb,
        type: 3}
      propertyPath: m_LocalEulerAnglesHint.z
      value: 0
      objectReference: {fileID: 0}
    - target: {fileID: 8001914577752591954, guid: 4caa5439eddaf7948ac410454a178efb,
        type: 3}
      propertyPath: m_LocalScale.x
      value: 2
      objectReference: {fileID: 0}
    m_RemovedComponents: []
  m_SourcePrefab: {fileID: 100100000, guid: 4caa5439eddaf7948ac410454a178efb, type: 3}
--- !u!4 &8001914578102907809 stripped
Transform:
  m_CorrespondingSourceObject: {fileID: 8001914577752591954, guid: 4caa5439eddaf7948ac410454a178efb,
    type: 3}
  m_PrefabInstance: {fileID: 924941811}
  m_PrefabAsset: {fileID: 0}
--- !u!1001 &466666300682966620
PrefabInstance:
  m_ObjectHideFlags: 0
  serializedVersion: 2
  m_Modification:
    m_TransformParent: {fileID: 4838567092996868744}
    m_Modifications:
    - target: {fileID: 4836838140118339720, guid: 4caa5439eddaf7948ac410454a178efb,
        type: 3}
      propertyPath: m_Name
      value: Counter
      objectReference: {fileID: 0}
    - target: {fileID: 5058243623769262801, guid: 4caa5439eddaf7948ac410454a178efb,
        type: 3}
      propertyPath: m_Materials.Array.data[0]
      value: 
      objectReference: {fileID: 2100000, guid: e38c5524567ee0e40accf3c756e887a3, type: 2}
    - target: {fileID: 8001914577752591954, guid: 4caa5439eddaf7948ac410454a178efb,
        type: 3}
      propertyPath: m_LocalPosition.x
      value: 42.471436
      objectReference: {fileID: 0}
    - target: {fileID: 8001914577752591954, guid: 4caa5439eddaf7948ac410454a178efb,
        type: 3}
      propertyPath: m_LocalPosition.y
      value: 9.6
      objectReference: {fileID: 0}
    - target: {fileID: 8001914577752591954, guid: 4caa5439eddaf7948ac410454a178efb,
        type: 3}
      propertyPath: m_LocalPosition.z
      value: -68.90523
      objectReference: {fileID: 0}
    - target: {fileID: 8001914577752591954, guid: 4caa5439eddaf7948ac410454a178efb,
        type: 3}
      propertyPath: m_LocalRotation.x
      value: -0
      objectReference: {fileID: 0}
    - target: {fileID: 8001914577752591954, guid: 4caa5439eddaf7948ac410454a178efb,
        type: 3}
      propertyPath: m_LocalRotation.y
      value: -0
      objectReference: {fileID: 0}
    - target: {fileID: 8001914577752591954, guid: 4caa5439eddaf7948ac410454a178efb,
        type: 3}
      propertyPath: m_LocalRotation.z
      value: -0
      objectReference: {fileID: 0}
    - target: {fileID: 8001914577752591954, guid: 4caa5439eddaf7948ac410454a178efb,
        type: 3}
      propertyPath: m_LocalRotation.w
      value: 1
      objectReference: {fileID: 0}
    - target: {fileID: 8001914577752591954, guid: 4caa5439eddaf7948ac410454a178efb,
        type: 3}
      propertyPath: m_RootOrder
      value: 3
      objectReference: {fileID: 0}
    - target: {fileID: 8001914577752591954, guid: 4caa5439eddaf7948ac410454a178efb,
        type: 3}
      propertyPath: m_LocalEulerAnglesHint.x
      value: 0
      objectReference: {fileID: 0}
    - target: {fileID: 8001914577752591954, guid: 4caa5439eddaf7948ac410454a178efb,
        type: 3}
      propertyPath: m_LocalEulerAnglesHint.y
      value: 0
      objectReference: {fileID: 0}
    - target: {fileID: 8001914577752591954, guid: 4caa5439eddaf7948ac410454a178efb,
        type: 3}
      propertyPath: m_LocalEulerAnglesHint.z
      value: 0
      objectReference: {fileID: 0}
    m_RemovedComponents: []
  m_SourcePrefab: {fileID: 100100000, guid: 4caa5439eddaf7948ac410454a178efb, type: 3}
--- !u!4 &7599099168932239374 stripped
Transform:
  m_CorrespondingSourceObject: {fileID: 8001914577752591954, guid: 4caa5439eddaf7948ac410454a178efb,
    type: 3}
  m_PrefabInstance: {fileID: 466666300682966620}
  m_PrefabAsset: {fileID: 0}
--- !u!1001 &2358858545168405348
PrefabInstance:
  m_ObjectHideFlags: 0
  serializedVersion: 2
  m_Modification:
    m_TransformParent: {fileID: 4838567092996868744}
    m_Modifications:
    - target: {fileID: 4836838140118339720, guid: 4caa5439eddaf7948ac410454a178efb,
        type: 3}
      propertyPath: m_Name
      value: Counter (4)
      objectReference: {fileID: 0}
    - target: {fileID: 5058243623769262801, guid: 4caa5439eddaf7948ac410454a178efb,
        type: 3}
      propertyPath: m_Materials.Array.data[0]
      value: 
      objectReference: {fileID: 2100000, guid: e38c5524567ee0e40accf3c756e887a3, type: 2}
    - target: {fileID: 8001914577752591954, guid: 4caa5439eddaf7948ac410454a178efb,
        type: 3}
      propertyPath: m_LocalPosition.x
      value: 70.120255
      objectReference: {fileID: 0}
    - target: {fileID: 8001914577752591954, guid: 4caa5439eddaf7948ac410454a178efb,
        type: 3}
      propertyPath: m_LocalPosition.y
      value: 9.6
      objectReference: {fileID: 0}
    - target: {fileID: 8001914577752591954, guid: 4caa5439eddaf7948ac410454a178efb,
        type: 3}
      propertyPath: m_LocalPosition.z
      value: -53.306744
      objectReference: {fileID: 0}
    - target: {fileID: 8001914577752591954, guid: 4caa5439eddaf7948ac410454a178efb,
        type: 3}
      propertyPath: m_LocalRotation.x
      value: -0.000000029802326
      objectReference: {fileID: 0}
    - target: {fileID: 8001914577752591954, guid: 4caa5439eddaf7948ac410454a178efb,
        type: 3}
      propertyPath: m_LocalRotation.y
      value: 0.7071068
      objectReference: {fileID: 0}
    - target: {fileID: 8001914577752591954, guid: 4caa5439eddaf7948ac410454a178efb,
        type: 3}
      propertyPath: m_LocalRotation.z
      value: 0.000000029802326
      objectReference: {fileID: 0}
    - target: {fileID: 8001914577752591954, guid: 4caa5439eddaf7948ac410454a178efb,
        type: 3}
      propertyPath: m_LocalRotation.w
      value: 0.7071068
      objectReference: {fileID: 0}
    - target: {fileID: 8001914577752591954, guid: 4caa5439eddaf7948ac410454a178efb,
        type: 3}
      propertyPath: m_RootOrder
      value: 5
      objectReference: {fileID: 0}
    - target: {fileID: 8001914577752591954, guid: 4caa5439eddaf7948ac410454a178efb,
        type: 3}
      propertyPath: m_LocalEulerAnglesHint.x
      value: 0
      objectReference: {fileID: 0}
    - target: {fileID: 8001914577752591954, guid: 4caa5439eddaf7948ac410454a178efb,
        type: 3}
      propertyPath: m_LocalEulerAnglesHint.y
      value: 90
      objectReference: {fileID: 0}
    - target: {fileID: 8001914577752591954, guid: 4caa5439eddaf7948ac410454a178efb,
        type: 3}
      propertyPath: m_LocalEulerAnglesHint.z
      value: 0
      objectReference: {fileID: 0}
    m_RemovedComponents: []
  m_SourcePrefab: {fileID: 100100000, guid: 4caa5439eddaf7948ac410454a178efb, type: 3}
--- !u!4 &5742331077177826614 stripped
Transform:
  m_CorrespondingSourceObject: {fileID: 8001914577752591954, guid: 4caa5439eddaf7948ac410454a178efb,
    type: 3}
  m_PrefabInstance: {fileID: 2358858545168405348}
  m_PrefabAsset: {fileID: 0}
--- !u!1001 &2447239145805281346
PrefabInstance:
  m_ObjectHideFlags: 0
  serializedVersion: 2
  m_Modification:
    m_TransformParent: {fileID: 4838567092996868744}
    m_Modifications:
    - target: {fileID: 4836838140118339720, guid: 4caa5439eddaf7948ac410454a178efb,
        type: 3}
      propertyPath: m_Name
      value: Counter (2)
      objectReference: {fileID: 0}
    - target: {fileID: 5058243623769262801, guid: 4caa5439eddaf7948ac410454a178efb,
        type: 3}
      propertyPath: m_Materials.Array.data[0]
      value: 
      objectReference: {fileID: 2100000, guid: e38c5524567ee0e40accf3c756e887a3, type: 2}
    - target: {fileID: 8001914577752591954, guid: 4caa5439eddaf7948ac410454a178efb,
        type: 3}
      propertyPath: m_LocalPosition.x
      value: 70.10002
      objectReference: {fileID: 0}
    - target: {fileID: 8001914577752591954, guid: 4caa5439eddaf7948ac410454a178efb,
        type: 3}
      propertyPath: m_LocalPosition.y
      value: 9.600006
      objectReference: {fileID: 0}
    - target: {fileID: 8001914577752591954, guid: 4caa5439eddaf7948ac410454a178efb,
        type: 3}
      propertyPath: m_LocalPosition.z
      value: 43.539967
      objectReference: {fileID: 0}
    - target: {fileID: 8001914577752591954, guid: 4caa5439eddaf7948ac410454a178efb,
        type: 3}
      propertyPath: m_LocalRotation.x
      value: -0.000000029802326
      objectReference: {fileID: 0}
    - target: {fileID: 8001914577752591954, guid: 4caa5439eddaf7948ac410454a178efb,
        type: 3}
      propertyPath: m_LocalRotation.y
      value: 0.7071068
      objectReference: {fileID: 0}
    - target: {fileID: 8001914577752591954, guid: 4caa5439eddaf7948ac410454a178efb,
        type: 3}
      propertyPath: m_LocalRotation.z
      value: 0.000000029802326
      objectReference: {fileID: 0}
    - target: {fileID: 8001914577752591954, guid: 4caa5439eddaf7948ac410454a178efb,
        type: 3}
      propertyPath: m_LocalRotation.w
      value: 0.7071068
      objectReference: {fileID: 0}
    - target: {fileID: 8001914577752591954, guid: 4caa5439eddaf7948ac410454a178efb,
        type: 3}
      propertyPath: m_RootOrder
      value: 0
      objectReference: {fileID: 0}
    - target: {fileID: 8001914577752591954, guid: 4caa5439eddaf7948ac410454a178efb,
        type: 3}
      propertyPath: m_LocalEulerAnglesHint.x
      value: 0
      objectReference: {fileID: 0}
    - target: {fileID: 8001914577752591954, guid: 4caa5439eddaf7948ac410454a178efb,
        type: 3}
      propertyPath: m_LocalEulerAnglesHint.y
      value: 90
      objectReference: {fileID: 0}
    - target: {fileID: 8001914577752591954, guid: 4caa5439eddaf7948ac410454a178efb,
        type: 3}
      propertyPath: m_LocalEulerAnglesHint.z
      value: 0
      objectReference: {fileID: 0}
    m_RemovedComponents: []
  m_SourcePrefab: {fileID: 100100000, guid: 4caa5439eddaf7948ac410454a178efb, type: 3}
--- !u!4 &5691096241074730512 stripped
Transform:
  m_CorrespondingSourceObject: {fileID: 8001914577752591954, guid: 4caa5439eddaf7948ac410454a178efb,
    type: 3}
  m_PrefabInstance: {fileID: 2447239145805281346}
  m_PrefabAsset: {fileID: 0}
--- !u!1001 &3044340832084632502
PrefabInstance:
  m_ObjectHideFlags: 0
  serializedVersion: 2
  m_Modification:
    m_TransformParent: {fileID: 4838567092996868744}
    m_Modifications:
    - target: {fileID: 4836838140118339720, guid: 4caa5439eddaf7948ac410454a178efb,
        type: 3}
      propertyPath: m_Name
      value: Counter (1)
      objectReference: {fileID: 0}
    - target: {fileID: 5058243623769262801, guid: 4caa5439eddaf7948ac410454a178efb,
        type: 3}
      propertyPath: m_Materials.Array.data[0]
      value: 
      objectReference: {fileID: 2100000, guid: e38c5524567ee0e40accf3c756e887a3, type: 2}
    - target: {fileID: 8001914577752591954, guid: 4caa5439eddaf7948ac410454a178efb,
        type: 3}
      propertyPath: m_LocalPosition.x
      value: 70.10002
      objectReference: {fileID: 0}
    - target: {fileID: 8001914577752591954, guid: 4caa5439eddaf7948ac410454a178efb,
        type: 3}
      propertyPath: m_LocalPosition.y
      value: 9.600006
      objectReference: {fileID: 0}
    - target: {fileID: 8001914577752591954, guid: 4caa5439eddaf7948ac410454a178efb,
        type: 3}
      propertyPath: m_LocalPosition.z
      value: -2.3400078
      objectReference: {fileID: 0}
    - target: {fileID: 8001914577752591954, guid: 4caa5439eddaf7948ac410454a178efb,
        type: 3}
      propertyPath: m_LocalRotation.x
      value: -0.000000029802326
      objectReference: {fileID: 0}
    - target: {fileID: 8001914577752591954, guid: 4caa5439eddaf7948ac410454a178efb,
        type: 3}
      propertyPath: m_LocalRotation.y
      value: 0.7071068
      objectReference: {fileID: 0}
    - target: {fileID: 8001914577752591954, guid: 4caa5439eddaf7948ac410454a178efb,
        type: 3}
      propertyPath: m_LocalRotation.z
      value: 0.000000029802326
      objectReference: {fileID: 0}
    - target: {fileID: 8001914577752591954, guid: 4caa5439eddaf7948ac410454a178efb,
        type: 3}
      propertyPath: m_LocalRotation.w
      value: 0.7071068
      objectReference: {fileID: 0}
    - target: {fileID: 8001914577752591954, guid: 4caa5439eddaf7948ac410454a178efb,
        type: 3}
      propertyPath: m_RootOrder
      value: 2
      objectReference: {fileID: 0}
    - target: {fileID: 8001914577752591954, guid: 4caa5439eddaf7948ac410454a178efb,
        type: 3}
      propertyPath: m_LocalEulerAnglesHint.x
      value: 0
      objectReference: {fileID: 0}
    - target: {fileID: 8001914577752591954, guid: 4caa5439eddaf7948ac410454a178efb,
        type: 3}
      propertyPath: m_LocalEulerAnglesHint.y
      value: 90
      objectReference: {fileID: 0}
    - target: {fileID: 8001914577752591954, guid: 4caa5439eddaf7948ac410454a178efb,
        type: 3}
      propertyPath: m_LocalEulerAnglesHint.z
      value: 0
      objectReference: {fileID: 0}
    m_RemovedComponents: []
  m_SourcePrefab: {fileID: 100100000, guid: 4caa5439eddaf7948ac410454a178efb, type: 3}
--- !u!4 &4986374511288495588 stripped
Transform:
  m_CorrespondingSourceObject: {fileID: 8001914577752591954, guid: 4caa5439eddaf7948ac410454a178efb,
    type: 3}
  m_PrefabInstance: {fileID: 3044340832084632502}
  m_PrefabAsset: {fileID: 0}
--- !u!1001 &5174850339747949725
PrefabInstance:
  m_ObjectHideFlags: 0
  serializedVersion: 2
  m_Modification:
    m_TransformParent: {fileID: 4838567092996868744}
    m_Modifications:
    - target: {fileID: 4836838140118339720, guid: 4caa5439eddaf7948ac410454a178efb,
        type: 3}
      propertyPath: m_Name
      value: CornerCounter
      objectReference: {fileID: 0}
    - target: {fileID: 4884525052560724882, guid: 4caa5439eddaf7948ac410454a178efb,
        type: 3}
      propertyPath: m_LocalPosition.z
      value: 9
      objectReference: {fileID: 0}
    - target: {fileID: 4884525052560724882, guid: 4caa5439eddaf7948ac410454a178efb,
        type: 3}
      propertyPath: m_LocalScale.x
      value: 40
      objectReference: {fileID: 0}
    - target: {fileID: 4884525052560724882, guid: 4caa5439eddaf7948ac410454a178efb,
        type: 3}
      propertyPath: m_LocalPosition.y
      value: 10.152
      objectReference: {fileID: 0}
    - target: {fileID: 5058243623769262801, guid: 4caa5439eddaf7948ac410454a178efb,
        type: 3}
      propertyPath: m_Materials.Array.data[0]
      value: 
      objectReference: {fileID: 2100000, guid: e38c5524567ee0e40accf3c756e887a3, type: 2}
    - target: {fileID: 8001914577752591954, guid: 4caa5439eddaf7948ac410454a178efb,
        type: 3}
      propertyPath: m_LocalPosition.x
      value: 62.08
      objectReference: {fileID: 0}
    - target: {fileID: 8001914577752591954, guid: 4caa5439eddaf7948ac410454a178efb,
        type: 3}
      propertyPath: m_LocalPosition.y
      value: 9.61
      objectReference: {fileID: 0}
    - target: {fileID: 8001914577752591954, guid: 4caa5439eddaf7948ac410454a178efb,
        type: 3}
      propertyPath: m_LocalPosition.z
      value: -62.93
      objectReference: {fileID: 0}
    - target: {fileID: 8001914577752591954, guid: 4caa5439eddaf7948ac410454a178efb,
        type: 3}
      propertyPath: m_LocalRotation.x
      value: 0
      objectReference: {fileID: 0}
    - target: {fileID: 8001914577752591954, guid: 4caa5439eddaf7948ac410454a178efb,
        type: 3}
      propertyPath: m_LocalRotation.y
      value: 0.92387956
      objectReference: {fileID: 0}
    - target: {fileID: 8001914577752591954, guid: 4caa5439eddaf7948ac410454a178efb,
        type: 3}
      propertyPath: m_LocalRotation.z
      value: 0
      objectReference: {fileID: 0}
    - target: {fileID: 8001914577752591954, guid: 4caa5439eddaf7948ac410454a178efb,
        type: 3}
      propertyPath: m_LocalRotation.w
      value: 0.38268343
      objectReference: {fileID: 0}
    - target: {fileID: 8001914577752591954, guid: 4caa5439eddaf7948ac410454a178efb,
        type: 3}
      propertyPath: m_RootOrder
      value: 6
      objectReference: {fileID: 0}
    - target: {fileID: 8001914577752591954, guid: 4caa5439eddaf7948ac410454a178efb,
        type: 3}
      propertyPath: m_LocalEulerAnglesHint.x
      value: 0
      objectReference: {fileID: 0}
    - target: {fileID: 8001914577752591954, guid: 4caa5439eddaf7948ac410454a178efb,
        type: 3}
      propertyPath: m_LocalEulerAnglesHint.y
      value: 135
      objectReference: {fileID: 0}
    - target: {fileID: 8001914577752591954, guid: 4caa5439eddaf7948ac410454a178efb,
        type: 3}
      propertyPath: m_LocalEulerAnglesHint.z
      value: 0
      objectReference: {fileID: 0}
    m_RemovedComponents: []
  m_SourcePrefab: {fileID: 100100000, guid: 4caa5439eddaf7948ac410454a178efb, type: 3}
--- !u!4 &2944298758072623823 stripped
Transform:
  m_CorrespondingSourceObject: {fileID: 8001914577752591954, guid: 4caa5439eddaf7948ac410454a178efb,
    type: 3}
  m_PrefabInstance: {fileID: 5174850339747949725}
  m_PrefabAsset: {fileID: 0}
--- !u!1001 &8120878040585797089
PrefabInstance:
  m_ObjectHideFlags: 0
  serializedVersion: 2
  m_Modification:
    m_TransformParent: {fileID: 4838567092996868744}
    m_Modifications:
    - target: {fileID: 1668471087209190632, guid: ba20e09d458993a4ab29c8fd9e30bdfc,
        type: 3}
      propertyPath: m_LocalPosition.x
      value: -33.699966
      objectReference: {fileID: 0}
    - target: {fileID: 1668471087209190632, guid: ba20e09d458993a4ab29c8fd9e30bdfc,
        type: 3}
      propertyPath: m_LocalPosition.y
      value: 10
      objectReference: {fileID: 0}
    - target: {fileID: 1668471087209190632, guid: ba20e09d458993a4ab29c8fd9e30bdfc,
        type: 3}
      propertyPath: m_LocalPosition.z
      value: -0.69002914
      objectReference: {fileID: 0}
    - target: {fileID: 1668471087209190632, guid: ba20e09d458993a4ab29c8fd9e30bdfc,
        type: 3}
      propertyPath: m_LocalRotation.x
      value: 0.000000014901161
      objectReference: {fileID: 0}
    - target: {fileID: 1668471087209190632, guid: ba20e09d458993a4ab29c8fd9e30bdfc,
        type: 3}
      propertyPath: m_LocalRotation.y
      value: 0.70432454
      objectReference: {fileID: 0}
    - target: {fileID: 1668471087209190632, guid: ba20e09d458993a4ab29c8fd9e30bdfc,
        type: 3}
      propertyPath: m_LocalRotation.z
      value: 0.000000014901161
      objectReference: {fileID: 0}
    - target: {fileID: 1668471087209190632, guid: ba20e09d458993a4ab29c8fd9e30bdfc,
        type: 3}
      propertyPath: m_LocalRotation.w
      value: 0.70987815
      objectReference: {fileID: 0}
    - target: {fileID: 1668471087209190632, guid: ba20e09d458993a4ab29c8fd9e30bdfc,
        type: 3}
      propertyPath: m_RootOrder
      value: 1
      objectReference: {fileID: 0}
    - target: {fileID: 1668471087209190632, guid: ba20e09d458993a4ab29c8fd9e30bdfc,
        type: 3}
      propertyPath: m_LocalEulerAnglesHint.x
      value: 0
      objectReference: {fileID: 0}
    - target: {fileID: 1668471087209190632, guid: ba20e09d458993a4ab29c8fd9e30bdfc,
        type: 3}
      propertyPath: m_LocalEulerAnglesHint.y
      value: 89.55
      objectReference: {fileID: 0}
    - target: {fileID: 1668471087209190632, guid: ba20e09d458993a4ab29c8fd9e30bdfc,
        type: 3}
      propertyPath: m_LocalEulerAnglesHint.z
      value: 0
      objectReference: {fileID: 0}
    - target: {fileID: 1668471087209190632, guid: ba20e09d458993a4ab29c8fd9e30bdfc,
        type: 3}
      propertyPath: m_LocalScale.x
      value: 1.5
      objectReference: {fileID: 0}
    - target: {fileID: 1668471087209190632, guid: ba20e09d458993a4ab29c8fd9e30bdfc,
        type: 3}
      propertyPath: m_LocalScale.z
      value: 1.2500001
      objectReference: {fileID: 0}
    - target: {fileID: 4266313876267272754, guid: ba20e09d458993a4ab29c8fd9e30bdfc,
        type: 3}
      propertyPath: m_Name
      value: Counter Variant
      objectReference: {fileID: 0}
    - target: {fileID: 4474720619741401195, guid: ba20e09d458993a4ab29c8fd9e30bdfc,
        type: 3}
      propertyPath: m_Materials.Array.data[0]
      value: 
      objectReference: {fileID: 2100000, guid: e38c5524567ee0e40accf3c756e887a3, type: 2}
    m_RemovedComponents: []
  m_SourcePrefab: {fileID: 100100000, guid: ba20e09d458993a4ab29c8fd9e30bdfc, type: 3}
--- !u!4 &7463799458900207881 stripped
Transform:
  m_CorrespondingSourceObject: {fileID: 1668471087209190632, guid: ba20e09d458993a4ab29c8fd9e30bdfc,
    type: 3}
  m_PrefabInstance: {fileID: 8120878040585797089}
  m_PrefabAsset: {fileID: 0}
--- !u!1001 &9181856605568274215
PrefabInstance:
  m_ObjectHideFlags: 0
  serializedVersion: 2
  m_Modification:
    m_TransformParent: {fileID: 4838567092996868744}
    m_Modifications:
    - target: {fileID: 562076721788565504, guid: 4caa5439eddaf7948ac410454a178efb,
        type: 3}
      propertyPath: m_Materials.Array.data[0]
      value: 
      objectReference: {fileID: 2100000, guid: 6a297703ce954ee4c8b27dd1e8e86435, type: 2}
    - target: {fileID: 4836838140118339720, guid: 4caa5439eddaf7948ac410454a178efb,
        type: 3}
      propertyPath: m_Name
      value: Counter (3)
      objectReference: {fileID: 0}
    - target: {fileID: 5058243623769262801, guid: 4caa5439eddaf7948ac410454a178efb,
        type: 3}
      propertyPath: m_Materials.Array.data[0]
      value: 
      objectReference: {fileID: 2100000, guid: 992c1658a80775940adc8cdf390c9b46, type: 2}
    - target: {fileID: 8001914577752591954, guid: 4caa5439eddaf7948ac410454a178efb,
        type: 3}
      propertyPath: m_LocalPosition.x
      value: -51.330338
      objectReference: {fileID: 0}
    - target: {fileID: 8001914577752591954, guid: 4caa5439eddaf7948ac410454a178efb,
        type: 3}
      propertyPath: m_LocalPosition.y
      value: 9.6
      objectReference: {fileID: 0}
    - target: {fileID: 8001914577752591954, guid: 4caa5439eddaf7948ac410454a178efb,
        type: 3}
      propertyPath: m_LocalPosition.z
      value: -72.79706
      objectReference: {fileID: 0}
    - target: {fileID: 8001914577752591954, guid: 4caa5439eddaf7948ac410454a178efb,
        type: 3}
      propertyPath: m_LocalRotation.x
      value: -0
      objectReference: {fileID: 0}
    - target: {fileID: 8001914577752591954, guid: 4caa5439eddaf7948ac410454a178efb,
        type: 3}
      propertyPath: m_LocalRotation.y
      value: -0
      objectReference: {fileID: 0}
    - target: {fileID: 8001914577752591954, guid: 4caa5439eddaf7948ac410454a178efb,
        type: 3}
      propertyPath: m_LocalRotation.z
      value: -0
      objectReference: {fileID: 0}
    - target: {fileID: 8001914577752591954, guid: 4caa5439eddaf7948ac410454a178efb,
        type: 3}
      propertyPath: m_LocalRotation.w
      value: 1
      objectReference: {fileID: 0}
    - target: {fileID: 8001914577752591954, guid: 4caa5439eddaf7948ac410454a178efb,
        type: 3}
      propertyPath: m_RootOrder
      value: 4
      objectReference: {fileID: 0}
    - target: {fileID: 8001914577752591954, guid: 4caa5439eddaf7948ac410454a178efb,
        type: 3}
      propertyPath: m_LocalEulerAnglesHint.x
      value: 0
      objectReference: {fileID: 0}
    - target: {fileID: 8001914577752591954, guid: 4caa5439eddaf7948ac410454a178efb,
        type: 3}
      propertyPath: m_LocalEulerAnglesHint.y
      value: 0
      objectReference: {fileID: 0}
    - target: {fileID: 8001914577752591954, guid: 4caa5439eddaf7948ac410454a178efb,
        type: 3}
      propertyPath: m_LocalEulerAnglesHint.z
      value: 0
      objectReference: {fileID: 0}
    - target: {fileID: 8001914577752591954, guid: 4caa5439eddaf7948ac410454a178efb,
        type: 3}
      propertyPath: m_LocalScale.z
      value: 0.5
      objectReference: {fileID: 0}
    m_RemovedComponents: []
  m_SourcePrefab: {fileID: 100100000, guid: 4caa5439eddaf7948ac410454a178efb, type: 3}
--- !u!4 &1179946430711595381 stripped
Transform:
  m_CorrespondingSourceObject: {fileID: 8001914577752591954, guid: 4caa5439eddaf7948ac410454a178efb,
    type: 3}
  m_PrefabInstance: {fileID: 9181856605568274215}
  m_PrefabAsset: {fileID: 0}
